<record xmlns="http://www.loc.gov/MARC21/slim" xmlns:xsi="http://www.w3.org/2001/XMLSchema-instance" xsi:schemaLocation="http://www.loc.gov/MARC21/slim http://www.loc.gov/standards/marcxml/schema/MARC21slim.xsd">

  <leader>00424nam a2200145Ia 4500</leader>
  <datafield tag="999" ind2=" " ind1=" ">
    <subfield code="c">1367</subfield>
    <subfield code="d">1367</subfield>
  </datafield>
  <controlfield tag="008">170621b2002    s  ||||| |||| 00| | spa d</controlfield>
  <datafield tag="090" ind2=" " ind1=" ">
    <subfield code="a">05.05.03 </subfield>
    <subfield code="b">348</subfield>
  </datafield>
  <datafield ind2=" " tag="100" ind1="1">
    <subfield code="a">Rojas Porras, Marta</subfield>
    <subfield code="9">108</subfield>
  </datafield>
  <datafield ind2="0" tag="245" ind1="1">
    <subfield code="a">Habitar la casa del tesoro</subfield>
  </datafield>
  <datafield ind1=" " tag="260" ind2=" ">
    <subfield code="a">[Lugar de publicación no identificado] :</subfield>
    <subfield code="b">sin nombre de editor, </subfield>
    <subfield code="c">2002</subfield>
  </datafield>
  <datafield ind1=" " ind2=" " tag="300">
    <subfield code="a">133 páginas</subfield>
  </datafield>
  <datafield ind1="1" ind2="4" tag="650">
    <subfield code="a">LITERATURA </subfield>
    <subfield code="9">655</subfield>
  </datafield>
  <datafield ind1="1" tag="650" ind2="4">
    <subfield code="a">POESÍA </subfield>
    <subfield code="9">1250</subfield>
  </datafield>
  <datafield ind1=" " ind2=" " tag="942">
    <subfield code="2">z</subfield>
    <subfield code="c">01</subfield>
  </datafield>
</record>